@article{aisch2015you,
  author={Aisch, Gregor and Cox, Amanda and Quealy, Kevin},
  year={2015},
  title={You draw it: How family income predicts childrenâ€™s college chances},
  journal={The New York Times},
  volume={28}
}

@article{mosteller1981eye,
  title={Eye fitting straight lines},
  author={Mosteller, Frederick and Siegel, Andrew F and Trapido, Edward and Youtz, Cleo},
  journal={The American Statistician},
  volume={35},
  number={3},
  pages={150--152},
  year={1981},
  publisher={Taylor \& Francis}
}

@article{finney1951subjective,
  title={Subjective judgment in statistical analysis: An experimental study},
  author={Finney, DJ},
  journal={Journal of the Royal Statistical Society: Series B (Methodological)},
  volume={13},
  number={2},
  pages={284--297},
  year={1951},
  publisher={Wiley Online Library}
}

@article{ciccione2021can,
  title={Can humans perform mental regression on a graph? Accuracy and bias in the perception of scatterplots},
  author={Ciccione, Lorenzo and Dehaene, Stanislas},
  journal={Cognitive Psychology},
  volume={128},
  pages={101406},
  year={2021},
  publisher={Elsevier}
}

@article{few2007visual,
  title={Visual Pattern Recognition},
  author={Few, Stephen},
  journal={Perceptual Edge, Cognos-Innovation Center},
  year={2007}
}

@article{buja2009statistical,
  title={Statistical inference for exploratory data analysis and model diagnostics},
  author={Buja, Andreas and Cook, Dianne and Hofmann, Heike and Lawrence, Michael and Lee, Eun-Kyung and Swayne, Deborah F and Wickham, Hadley},
  journal={Philosophical Transactions of the Royal Society A: Mathematical, Physical and Engineering Sciences},
  volume={367},
  number={1906},
  pages={4361--4383},
  year={2009},
  publisher={The Royal Society Publishing}
}

@Manual{r2d3pkg,
    title = {r2d3: Interface to 'D3' Visualizations},
    author = {Nick Strayer and Javier Luraschi and JJ Allaire},
    year = {2020},
    note = {R package version 0.2.5},
    url = {https://CRAN.R-project.org/package=r2d3},
  }
  
@Manual{shinypkg,
    title = {shiny: Web Application Framework for R},
    author = {Winston Chang and Joe Cheng and JJ Allaire and Carson Sievert and Barret Schloerke and Yihui Xie and Jeff Allen and Jonathan McPherson and Alan Dipert and Barbara Borges},
    year = {2021},
    note = {R package version 1.7.1},
    url = {https://CRAN.R-project.org/package=shiny},
  }